string{icassp = "Proc. IEEE International Conference on Acoustics, Speech and Signal Processing (ICASSP)"}
@string{interspeech = "Proc. ISCA Interspeech"}
string{asru = "Proc. IEEE Workshop on Automatic Speech Recognition and Understanding (ASRU)"}
@string{lrec = "Proc. International Conference on Language Resources and Evaluation (LREC)"}
string{ieee-taslp = "IEEE Transactions on Audio, Speech, and Language Processing"}
string{ieee-acm-taslp = "IEEE/ACM Transactions on Audio, Speech and Language Processing"}
string{icml = "Proc. International Conference on Machine Learning (ICML)"}
@string{mlsp = "Proc. International Workshop on Machine Learning for Signal Processing (MLSP)"}
string{nips = "Proc. Conference on Neural Information Processing Systems (NIPS)"}
@string{csl = "Computer speech \& language"}
string{slt = "Proc. IEEE Spoken Language Technology Workshop (SLT)"}
string{acl = "Proc. Annual Meeting of the Association for Computational Linguistics (ACL)"}
string{naacl = "Proc. Conference of the North {A}merican Chapter of the Association for Computational Linguistics (NAACL)"}
string{emnlp = "Proc. Conference on Empirical Methods in Natural Language Processing (EMNLP)"}
@string{icassp = "Proc. ICASSP"}
string{interspeech = "Proc. ISCA Interspeech"}
@string{asru = "Proc. IEEE ASRU"}
string{lrec = "Proc. LREC"}
string{ieee-taslp = "IEEE Trans. Audio, Speech, anguage Process."}
@string{ieee-acm-taslp = "IEEE/ACM Trans. ASLP."}
@string{icml = "Proc. ICML"}
@string{nips = "Proc. NIPS"}
string{csl = "Comput. Speech Lang."}
@string{slt = "Proc. IEEE SLT"}
@string{acl = "Proc. ACL"}
@string{naacl = "Proc. NAACL"}
@string{emnlp = "Proc. EMNLP"}
@string{cvpr = "Proc. CVPR"}

% ------------- ivector --------------
@article{pinsky2003hemodynamic,
  title={Hemodynamic monitoring in the intensive care unit},
  author={Pinsky, Michael R},
  journal={Clinics in chest medicine},
  volume={24},
  number={4},
  pages={549--560},
  year={2003},
  publisher={Elsevier}
}


